@article{andersen,
author = {Andersen,Hans C. },
title = {Molecular dynamics simulations at constant pressure and/or temperature},
journal = {The Journal of Chemical Physics},
volume = {72},
number = {4},
pages = {2384-2393},
year = {1980},
doi = {10.1063/1.439486},

URL = { 
        https://doi.org/10.1063/1.439486
    
},
eprint = { 
        https://doi.org/10.1063/1.439486
    
}

}


@article{Chi-squared,
title = {Distributions of Functions of
Normal Random Variables  URL: http://nitro.biosci.arizona.edu/courses/EEB600A/download/Distributions.pdf},

URL = {http://nitro.biosci.arizona.edu/courses/EEB600A/download/Distributions.pdf},

}


